<?xml version="1.0" encoding="UTF-8" ?>
<collection xmlns:xsi="http://www.w3.org/2001/XMLSchema-instance" xsi:schemaLocation="http://www.loc.gov/MARC21/slim http://www.loc.gov/standards/marcxml/schema/MARC21slim.xsd" xmlns="http://www.loc.gov/MARC21/slim">
   <record>
      <leader>     cam a22      a 4500</leader>
      <controlfield tag="001">1662569</controlfield>
      <controlfield tag="003">NIC</controlfield>
      <controlfield tag="005">20150417082705.0</controlfield>
      <controlfield tag="008">900314s1937    ua            000 0 ara d</controlfield>
      <datafield tag="035" ind1=" " ind2=" ">
         <subfield code="a">(NIC)notisAHU9163</subfield>
      </datafield>
      <datafield tag="035" ind1=" " ind2=" ">
         <subfield code="a">(OCoLC)63977416</subfield>
      </datafield>
      <datafield tag="035" ind1=" " ind2=" ">
         <subfield code="a">1662569</subfield>
      </datafield>
      <datafield tag="040" ind1=" " ind2=" ">
         <subfield code="a">NIC</subfield>
         <subfield code="c">NIC</subfield>
         <subfield code="d">NIC</subfield>
      </datafield>
      <datafield tag="100" ind1="1" ind2=" ">
         <subfield code="a">Maghribī, Ḥusayn Ibrāhīm,</subfield>
         <subfield code="d">-1875.</subfield>
      </datafield>
      <datafield tag="245" ind1="1" ind2="0">
         <subfield code="a">Qurrat al-ʻayn :</subfield>
         <subfield code="b">bi-fatāwá ʻulamāʼ al-Ḥaramayn /</subfield>
         <subfield code="c">ashrafa ʻalá taṣḥīḥihi wa-ḍabṭi uṣūlilhi Muḥammad ʻAlī ibn Ḥusayn al-Mālikī.</subfield>
      </datafield>
      <datafield tag="260" ind1=" " ind2=" ">
         <subfield code="a">[Cairo :</subfield>
         <subfield code="b">s.n.]</subfield>
         <subfield code="e">(Miṣr :</subfield>
         <subfield code="f">Maṭbaʻat Muṣṭafā Muḥammad, 1937)</subfield>
      </datafield>
      <datafield tag="300" ind1=" " ind2=" ">
         <subfield code="a">382 p. ;</subfield>
         <subfield code="c">28 cm.</subfield>
      </datafield>
      <datafield tag="500" ind1=" " ind2=" ">
         <subfield code="a">&quot;Yashtamil ʻalá: (1) Fatāwá al-ʻallāmah al-Imām al-Shaykh Ḥusayn Ibrāhīm al-Maghribī ... (2) Fatw̄á al-ʻallāmah al-Imām al-Shaykh Muḥammad ṣāliḥ al-Raʼīs al-Zubayrī.&quot;</subfield>
      </datafield>
      <datafield tag="650" ind1=" " ind2="0">
         <subfield code="a">Fatwas.</subfield>
      </datafield>
      <datafield tag="650" ind1=" " ind2="0">
         <subfield code="a">Islamic law.</subfield>
      </datafield>
      <datafield tag="650" ind1=" " ind2="0">
         <subfield code="a">Malikites.</subfield>
      </datafield>
      <datafield tag="650" ind1=" " ind2="7">
         <subfield code="a">Fatwas</subfield>
         <subfield code="2">fast</subfield>
         <subfield code="0">(OCoLC)fst00921976</subfield>
      </datafield>
      <datafield tag="650" ind1=" " ind2="7">
         <subfield code="a">Islamic law</subfield>
         <subfield code="2">fast</subfield>
         <subfield code="0">(OCoLC)fst00979949</subfield>
      </datafield>
      <datafield tag="650" ind1=" " ind2="7">
         <subfield code="a">Malikites</subfield>
         <subfield code="2">fast</subfield>
         <subfield code="0">(OCoLC)fst01006724</subfield>
      </datafield>
      <datafield tag="700" ind1="1" ind2=" ">
         <subfield code="a">Mālikī, Muḥammad ʻAlī ibn Ḥusayn.</subfield>
      </datafield>
      <datafield tag="700" ind1="1" ind2=" ">
         <subfield code="a">Zubayrī, Muḥammad Ṣāliḥ.</subfield>
      </datafield>
      <datafield tag="905" ind1=" " ind2=" ">
         <subfield code="a">19911217120000.0</subfield>
      </datafield>
      <datafield tag="948" ind1="2" ind2=" ">
         <subfield code="a">20141124</subfield>
         <subfield code="b">m</subfield>
         <subfield code="d">batch</subfield>
         <subfield code="e">lts</subfield>
         <subfield code="x">addfast</subfield>
      </datafield>
      <datafield tag="948" ind1="2" ind2=" ">
         <subfield code="a">20150417</subfield>
         <subfield code="b">m</subfield>
         <subfield code="d">bmt1</subfield>
         <subfield code="e">lts</subfield>
      </datafield>
      <datafield tag="903" ind1=" " ind2=" ">
         <subfield code="a">NYUACO</subfield>
         <subfield code="d">20150423</subfield>
         <subfield code="p">31924059116453</subfield>
      </datafield>
      <datafield tag="950" ind1=" " ind2=" ">
         <subfield code="a">Oversize</subfield>
         <subfield code="b">KBL .M195 +</subfield>
         <subfield code="v"> </subfield>
      </datafield>
   </record>
</collection>
